<?xml version="1.0" encoding="UTF-8"?>
<collection xmlns="http://www.loc.gov/MARC21/slim"
            xmlns:xsi="http://www.w3.org/2001/XMLSchema-instance"
            xmlns:marc="http://www.loc.gov/MARC21/slim"
            xmlns:oai="http://www.openarchives.org/OAI/2.0/"
            xmlns:tre="http://www.paregorios.org"
            xsi:schemaLocation="http://www.loc.gov/MARC21/slim http://www.loc.gov/standards/marcxml/schema/MARC21slim.xsd">
  
  
  <record xsi:schemaLocation="http://www.loc.gov/MARC21/slim http://www.loc.gov/standards/marcxml/schema/MARC21slim.xsd">
      <leader>00000cam a2200349 a 45M</leader>
      <controlfield tag="FMT">BK</controlfield>
      <controlfield tag="LDR">00000cam a2200349 a 45M</controlfield>
      <controlfield tag="001">002740152</controlfield>
      <controlfield tag="003">NNU</controlfield>
      <controlfield tag="005">20140501121907.0</controlfield>
      <controlfield tag="008">860117s1982    is f     b    010 0 eng</controlfield>
      <datafield tag="010" ind1=" " ind2=" ">
         <subfield code="a">82216997</subfield>
      </datafield>
      <datafield tag="035" ind1="9" ind2=" ">
         <subfield code="a">NYUb10438936</subfield>
      </datafield>
      <datafield tag="035" ind1=" " ind2=" ">
         <subfield code="a">GLIS004389360</subfield>
      </datafield>
      <datafield tag="035" ind1=" " ind2=" ">
         <subfield code="a">(CStRLIN)NYUG86-B1841</subfield>
      </datafield>
      <datafield tag="040" ind1=" " ind2=" ">
         <subfield code="d">NNU</subfield>
      </datafield>
      <datafield tag="041" ind1="0" ind2=" ">
         <subfield code="a">eng</subfield>
         <subfield code="a">fre</subfield>
         <subfield code="a">ger</subfield>
      </datafield>
      <datafield tag="043" ind1=" " ind2=" ">
         <subfield code="a">f-ua---</subfield>
      </datafield>
      <datafield tag="050" ind1="0" ind2="0">
         <subfield code="a">AS591.J4</subfield>
         <subfield code="b">A25 vol.28</subfield>
         <subfield code="a">DT61</subfield>
      </datafield>
      <datafield tag="082" ind1="0" ind2=" ">
         <subfield code="a">080 s</subfield>
         <subfield code="a">932</subfield>
         <subfield code="2">19</subfield>
      </datafield>
      <datafield tag="245" ind1="0" ind2="0">
         <subfield code="a">Egyptological studies /</subfield>
         <subfield code="c">edited on behalf of the Faculty of Humanities by Sarah Israelit-Groll.</subfield>
      </datafield>
      <datafield tag="260" ind1=" " ind2=" ">
         <subfield code="a">Jerusalem :</subfield>
         <subfield code="b">Magnes Press, Hebrew University,</subfield>
         <subfield code="c">1982.</subfield>
      </datafield>
      <datafield tag="300" ind1=" " ind2=" ">
         <subfield code="a">537 p., 6 p. of plates :</subfield>
         <subfield code="b">ill. ;</subfield>
         <subfield code="c">24 cm.</subfield>
      </datafield>
      <datafield tag="490" ind1="1" ind2=" ">
         <subfield code="a">Scripta Hierosolymitana,</subfield>
         <subfield code="x">0080-8369 ;</subfield>
         <subfield code="v">v. 28</subfield>
      </datafield>
      <datafield tag="546" ind1=" " ind2=" ">
         <subfield code="a">Contributions in English, French, or German.</subfield>
      </datafield>
      <datafield tag="500" ind1=" " ind2=" ">
         <subfield code="a">Title on added t.p.: Meḥḳarim egipṭologiyim.</subfield>
      </datafield>
      <datafield tag="504" ind1=" " ind2=" ">
         <subfield code="a">Includes bibliographical references.</subfield>
      </datafield>
      <datafield tag="505" ind1="0" ind2="0">
         <subfield code="t">Diachronic grammar as a means of dating undated texts /</subfield>
         <subfield code="r">Sarah Israelit-Groll --</subfield>
         <subfield code="t">Pitaš ni mu'ṭu = "Coffre à brancard" /</subfield>
         <subfield code="r">Jozef Vergote --</subfield>
         <subfield code="t">Poetischen Teile der Gebel-Barkal-Stele /</subfield>
         <subfield code="r">Irene Shirun-Grumach --</subfield>
         <subfield code="t">Nicht-"emphatisches" anfängliches sḏm.n.f als Perfectum propheticum? /</subfield>
         <subfield code="r">Jochanan Agam --</subfield>
         <subfield code="t">Khnum and El /</subfield>
         <subfield code="r">Cyrus H. Gordon --</subfield>
         <subfield code="t">Egyptian etymologies for Biblical cultic paraphernalia /</subfield>
         <subfield code="r">John A. Tvedtnes --</subfield>
         <subfield code="t">Psalm 51 and the "opening of the mouth" ceremony /</subfield>
         <subfield code="r">Benjamin Urrutia --</subfield>
         <subfield code="t">Instructions for temple visitors in the Bible and in ancient Egypt /</subfield>
         <subfield code="r">Moshe Weinfeld --</subfield>
         <subfield code="t">Unpublished Shenoutiana in the University of Michigan library /</subfield>
         <subfield code="r">Dwight W. Young --</subfield>
         <subfield code="t">Entertainment song genre in Egyptian literature /</subfield>
         <subfield code="r">Michael V. Fox --</subfield>
         <subfield code="t">Isy-Ars controversy /</subfield>
         <subfield code="r">Lynn Holmes --</subfield>
         <subfield code="t">Linguistic notes on Thutmose III's topographical list /</subfield>
         <subfield code="r">Anson F. Rainey --</subfield>
         <subfield code="t">Notes on some Proto-Sinaitic and Egyptian inscriptions from Sinai /</subfield>
         <subfield code="r">Benjamin Sass --</subfield>
         <subfield code="t">Tel Masos scarab : a suggestion for a new method for the interpretation of royal scarabs /</subfield>
         <subfield code="r">Baruch Brandl --</subfield>
         <subfield code="t">Pharao als "vollkommene Sonne" : ein neuer ägypto-palästinischer Skarabäentyp /</subfield>
         <subfield code="r">Othmar Keel.</subfield>
      </datafield>
      <datafield tag="650" ind1=" " ind2="0">
         <subfield code="a">Egyptian philology.</subfield>
      </datafield>
      <datafield tag="651" ind1=" " ind2="0">
         <subfield code="a">Egypt</subfield>
         <subfield code="x">Civilization</subfield>
         <subfield code="y">To 332 B.C.</subfield>
      </datafield>
      <datafield tag="700" ind1="1" ind2=" ">
         <subfield code="a">Israelit-Groll, Sarah</subfield>
         <subfield code="e">ed.</subfield>
      </datafield>
      <datafield tag="740" ind1="0" ind2=" ">
         <subfield code="a">Meḥḳarim egipṭologiyim.</subfield>
      </datafield>
      <datafield tag="830" ind1=" " ind2="0">
         <subfield code="a">Scripta Hierosolymitana ;</subfield>
         <subfield code="v">v. 28.</subfield>
      </datafield>
      <datafield tag="OWN" ind1=" " ind2=" ">
         <subfield code="a">GENERAL</subfield>
      </datafield>
      <datafield tag="950" ind1=" " ind2=" ">
         <subfield code="l">BMAIN</subfield>
         <subfield code="a">AS591.J4</subfield>
         <subfield code="b">A25 vol.28</subfield>
         <subfield code="i">02/05/86 C</subfield>
      </datafield>
      <datafield tag="955" ind1=" " ind2=" ">
         <subfield code="l">BMAIN</subfield>
         <subfield code="c">1</subfield>
         <subfield code="q">86-B1841-1</subfield>
         <subfield code="r">011673681</subfield>
         <subfield code="i">02/05/86 C</subfield>
      </datafield>
      <datafield tag="AVA" ind1=" " ind2=" ">
         <subfield code="a">NYU50</subfield>
         <subfield code="b">BOBST</subfield>
         <subfield code="c">Main Collection</subfield>
         <subfield code="d">AS591.J4 A25 vol.28</subfield>
         <subfield code="e">available</subfield>
         <subfield code="t">Available</subfield>
         <subfield code="f">1</subfield>
         <subfield code="g">0</subfield>
         <subfield code="h">N</subfield>
         <subfield code="i">2</subfield>
         <subfield code="j">MAIN</subfield>
         <subfield code="k">0</subfield>
      </datafield>
      <datafield tag="AVA" ind1=" " ind2=" ">
         <subfield code="a">NYU50</subfield>
         <subfield code="b">NISAW</subfield>
         <subfield code="c">Small Collection</subfield>
         <subfield code="d">AS591.J4 A25 vol.28</subfield>
         <subfield code="e">available</subfield>
         <subfield code="t">Available</subfield>
         <subfield code="f">1</subfield>
         <subfield code="g">0</subfield>
         <subfield code="h">N</subfield>
         <subfield code="i">0</subfield>
         <subfield code="j">SMALL</subfield>
         <subfield code="k">0</subfield>
      </datafield>
      <marc:datafield tag="852" ind1=" " ind2=" ">
         <marc:subfield code="a">New York University</marc:subfield>
         <marc:subfield code="b">Institute for the Study of the Ancient World</marc:subfield>
         <marc:subfield code="c">Small Collection</marc:subfield>
         <marc:subfield code="e">15 East 84th Street</marc:subfield>
         <marc:subfield code="e">New York, NY  10028</marc:subfield>
      </marc:datafield>
   </record>
  
  
  
  
  
  
  
  
 </collection>
